
@article{ext-vox,
title = {Proposed Extensions to COM+ VOS},
author = {Don Syme and Nick Benton and Simon Peyton-Jones and Cedric Fournet},
publisher = {Microsoft Research},
year = {1999}
}

@article{ecma-335, 
title = {ECMA-335 Common Language Infrastructure (CLI)},
publisher = {ECMA International},
year = {2012}
}

@article{cayenne,
title = {Cayenne - a language with dependent types},
author = {Lennart Augustsson},
}

@article{staticvts,
title = {A staticlly safe alternative to virtual types},
author = {Kim B Bruce and  Martin Odersky and  Philip Wadler},
year = {1998}
}

@article{gadts,
title = {Generalized Algebraic Data Types and Object-Oriented Programming},
author = {Andrew Kennedy and  Claudio V Russo},
publisher = {Microsoft Research},
year = {2005}
}

@misc{stack-2693067,
title = {What is meant by Scala's path-dependent types?},
howpublished = {\url{http://stackoverflow.com/questions/2693067/what-is-meant-by-scalas-path-dependent-types}}
}

@misc{boost,
title = {Boost},
howpublished = {\url{http://www.boost.org}}
}

@misc{fsharp-units-of-measure,
title = {Units of Measure (F\#)},
howpublished = {\url{http://msdn.microsoft.com/en-us/library/dd233243.aspx}}
}

@misc{cmldev,
title = {Configurable Math Library},
howpublished = {\url{http://www.cmldev.net}}
}