
@misc{ecma-335, 
title = "ECMA-335 Common Language Infrastructure (CLI)",
publisher = "ECMA International",
year = "2012"
}

@misc{gadts,
title = "Generalized Algebraic Data Types and Object-Oriented Programming",
author = "Andrew Kennedy and  Claudio V Russo",
publisher = "Microsoft Research",
year = "2005"
}