
@misc{ecma-335, 
title = "ECMA-335 Common Language Infrastructure (CLI)",
publisher = "ECMA International",
year = "2012"
}